<record><leader>00000cas a22000007a 4500</leader><controlfield tag="001">12573091</controlfield><controlfield tag="008">850919c19859999vauer ne      0   b0vie d</controlfield><datafield ind1=" " ind2=" " tag="010"><subfield code="a">sn 85006320 </subfield></datafield><datafield ind1=" " ind2=" " tag="040"><subfield code="a">NSD</subfield><subfield code="b">eng</subfield><subfield code="c">NSD</subfield><subfield code="d">OCLCQ</subfield></datafield><datafield ind1=" " ind2=" " tag="012"><subfield code="l">1</subfield></datafield><datafield ind1="1" ind2=" " tag="022"><subfield code="a">0885-1255</subfield><subfield code="l">0885-1255</subfield><subfield code="2">1</subfield></datafield><datafield ind1=" " ind2=" " tag="037"><subfield code="b">The Capital Tribune, P.O. Box 5055, Springfield, VA 22150</subfield></datafield><datafield ind1=" " ind2=" " tag="042"><subfield code="a">nsdp</subfield></datafield><datafield ind1=" " ind2="0" tag="222"><subfield code="a">Die&#771;&#770;n &#273;a&#768;n th&#432; &#273;o&#770;</subfield></datafield><datafield ind1="0" ind2="0" tag="245"><subfield code="a">Die&#771;&#770;b &#273;a&#768;n th&#432; &#273;o&#770; =</subfield><subfield code="b">The Capital tribune.</subfield></datafield><datafield ind1="3" ind2="1" tag="246"><subfield code="a">Capital tribune</subfield></datafield><datafield ind1="1" ind2="7" tag="246"><subfield code="a">DDTD</subfield></datafield><datafield ind1=" " ind2=" " tag="260"><subfield code="a">Springfield, Va. :</subfield><subfield code="b">&#272;oa&#768;n H&#432;u&#771; &#272;i&#803;nh,</subfield><subfield code="c">[1985]-</subfield></datafield><datafield ind1=" " ind2=" " tag="310"><subfield code="a">Biweekly</subfield></datafield><datafield ind1="0" ind2=" " tag="362"><subfield code="a">Na&#774;m th&#432;&#768; nha&#769;&#770;t, so&#769;&#770; 1 (Ra nga&#768;y 25/8/85)-</subfield></datafield><datafield ind1=" " ind2=" " tag="752"><subfield code="a">United States</subfield><subfield code="b">Virginia</subfield><subfield code="c">Fairfax</subfield><subfield code="c">Springfield.</subfield></datafield><datafield ind1=" " ind2=" " tag="936"><subfield code="a">Aug. 25, 1985</subfield></datafield><datafield ind1="1" ind2=" " tag="029"><subfield code="a">AU@</subfield><subfield code="b">000025811434</subfield></datafield></record>